<record><leader>00000cas a22000007a 4500</leader><controlfield tag="001">28982280</controlfield><controlfield tag="008">931011d19251932okuwr ne      0    0eng d</controlfield><controlfield tag="009">15907</controlfield><datafield ind1=" " ind2=" " tag="010"><subfield code="a">sn 93066125 </subfield></datafield><datafield ind1=" " ind2=" " tag="040"><subfield code="a">OBN</subfield><subfield code="b">eng</subfield><subfield code="c">OBN</subfield><subfield code="d">OCL</subfield><subfield code="d">OCLCQ</subfield></datafield><datafield ind1="1" ind2=" " tag="029"><subfield code="a">AU@</subfield><subfield code="b">000022801638</subfield></datafield><datafield ind1=" " ind2=" " tag="042"><subfield code="a">msc</subfield></datafield><datafield ind1="0" ind2="4" tag="245"><subfield code="a">The Marietta herald.</subfield></datafield><datafield ind1=" " ind2=" " tag="260"><subfield code="a">Marietta, Okla. :</subfield><subfield code="b">F.C. Dustin</subfield></datafield><datafield ind1=" " ind2=" " tag="300"><subfield code="a">v.</subfield></datafield><datafield ind1=" " ind2=" " tag="310"><subfield code="a">Weekly</subfield></datafield><datafield ind1="0" ind2=" " tag="362"><subfield code="a">Vol. 1, no. 1 (Oct. 22, 1925)-v. 7, no. 41 (July 28, 1932).</subfield></datafield><datafield ind1=" " ind2=" " tag="500"><subfield code="a">Includes T.H.S. Booster [Thackerville High School paper].</subfield></datafield><datafield ind1=" " ind2="4" tag="651"><subfield code="a">Marietta (Okla.)</subfield><subfield code="v">Newspapers.</subfield></datafield><datafield ind1=" " ind2="4" tag="651"><subfield code="a">Love County (Okla.)</subfield><subfield code="v">Newspapers.</subfield></datafield><datafield ind1=" " ind2=" " tag="752"><subfield code="a">United States</subfield><subfield code="b">Oklahoma</subfield><subfield code="c">Love</subfield><subfield code="d">Marietta.</subfield></datafield><datafield ind1="0" ind2="4" tag="785"><subfield code="t">Marietta monitor</subfield><subfield code="w">(DLC)sn 88084191</subfield><subfield code="w">(OCoLC)18425278</subfield></datafield></record>